<?xml version="1.0" encoding="UTF-8"?>
<Document xmlns="urn:iso:std:iso:20022:tech:xsd:pain.001.001.03">
    <CstmrCdtTrfInitn>
        <GrpHdr>
            <MsgId>MSG20250826110000</MsgId>
            <CreDtTm>2025-08-26T11:00:00</CreDtTm>
            <NbOfTxs>1</NbOfTxs>
            <CtrlSum>15000.50</CtrlSum>
            <InitgPty>
                <Nm>SOCIETE GENERALE MAROC</Nm>
                <Id>
                    <OrgId>
                        <BICOrBEI>SGMAMAMCXXX</BICOrBEI>
                    </OrgId>
                </Id>
            </InitgPty>
        </GrpHdr>
        <PmtInf>
            <PmtInfId>PMT567890123</PmtInfId>
            <PmtMtd>TRF</PmtMtd>
            <ReqdExctnDt>2025-08-27</ReqdExctnDt>
            <Dbtr>
                <Nm>ENTREPRISE ABC SARL</Nm>
                <PstlAdr>
                    <AdrLine>123 RUE DE LA PAIX</AdrLine>
                    <AdrLine>CASABLANCA</AdrLine>
                    <Ctry>MA</Ctry>
                </PstlAdr>
            </Dbtr>
            <DbtrAcct>
                <Id>
                    <IBAN>MA64011580000001234567890</IBAN>
                </Id>
                <Ccy>USD</Ccy>
            </DbtrAcct>
            <DbtrAgt>
                <FinInstnId>
                    <BIC>SGMAMAMCXXX</BIC>
                </FinInstnId>
            </DbtrAgt>
            <ChrgBr>SHAR</ChrgBr>
            <CdtTrfTxInf>
                <PmtId>
                    <InstrId>TXN987654321</InstrId>
                    <EndToEndId>E2E456789</EndToEndId>
                </PmtId>
                <Amt>
                    <InstdAmt Ccy="USD">15000.50</InstdAmt>
                </Amt>
                <CdtrAgt>
                    <FinInstnId>
                        <BIC>BNPAFRPPXXX</BIC>
                    </FinInstnId>
                </CdtrAgt>
                <Cdtr>
                    <Nm>INTERNATIONAL TRADING CO</Nm>
                    <PstlAdr>
                        <AdrLine>45 AVENUE DES CHAMPS ELYSEES</AdrLine>
                        <AdrLine>PARIS FRANCE</AdrLine>
                        <Ctry>FR</Ctry>
                    </PstlAdr>
                </Cdtr>
                <CdtrAcct>
                    <Id>
                        <IBAN>FR1420041010050500013M02606</IBAN>
                    </Id>
                </CdtrAcct>
                <RmtInf>
                    <Ustrd>FACTURE INV-2025-001 MARCHANDISES</Ustrd>
                </RmtInf>
            </CdtTrfTxInf>
        </PmtInf>
    </CstmrCdtTrfInitn>
</Document>

