<?xml version="1.0" encoding="UTF-8"?>
<Document xmlns="urn:iso:std:iso:20022:tech:xsd:pain.001.001.03">
  <CstmrCdtTrfInitn>
    <GrpHdr>
      <MsgId>MSG-BLOC2-CDTR-001</MsgId>
      <CreDtTm>2025-08-26T12:30:00</CreDtTm>
      <NbOfTxs>1</NbOfTxs>
      <CtrlSum>2500.75</CtrlSum>
      <InitgPty>
        <Nm>CLIENT TEST</Nm>
      </InitgPty>
    </GrpHdr>
    <PmtInf>
      <PmtInfId>PMT-B2-001</PmtInfId>
      <PmtMtd>TRF</PmtMtd>
      <ReqdExctnDt>2025-08-27</ReqdExctnDt>
      <Dbtr>
        <Nm>CLIENT TEST</Nm>
      </Dbtr>
      <DbtrAcct>
        <Id>
          <IBAN>MA64011580000001006000000000</IBAN>
        </Id>
        <Ccy>EUR</Ccy>
      </DbtrAcct>
      <DbtrAgt>
        <FinInstnId>
          <BIC>BMCEMAMCXXX</BIC>
        </FinInstnId>
      </DbtrAgt>
      <ChrgBr>SHAR</ChrgBr>
      <CdtTrfTxInf>
        <PmtId>
          <InstrId>TXN-B2-0001</InstrId>
          <EndToEndId>E2E-B2-0001</EndToEndId>
        </PmtId>
        <Amt>
          <InstdAmt Ccy="EUR">2500.75</InstdAmt>
        </Amt>
        <CdtrAgt>
          <FinInstnId>
            <BIC>AIBSMAMT</BIC>
          </FinInstnId>
        </CdtrAgt>
        <Cdtr>
          <Nm>FOURNISSEUR TEST</Nm>
          <PstlAdr>
            <AdrLine>ZONE FRANCHE</AdrLine>
            <AdrLine>TANGER MA</AdrLine>
          </PstlAdr>
        </Cdtr>
        <CdtrAcct>
          <Id>
            <IBAN>FR1420041010050500013M02606</IBAN>
          </Id>
        </CdtrAcct>
        <RmtInf>
          <Ustrd>FACT-0001</Ustrd>
        </RmtInf>
      </CdtTrfTxInf>
    </PmtInf>
  </CstmrCdtTrfInitn>
</Document>

